@ARTICLE{wuest,
    author={Thorsten Wuest and Daniel Weimer and Christopher Irgens and Klaus-Dieter Thoben},
   title={Machine learning in manufacturing: advantages, challenges, and applications},
   journal={Production \& Manufacturing Research},
   number={1},
   volume=4,
   year=2016,
   pages={23-45},
   notes = {doi: \url{10.1080/21693277.2016.1192517}}
}

@ARTICLE{samuel,
    author={Arthur L. Samuel },
   title={Some Studies in Machine Learning Using the Game of Checkers},
   journal={ IBM Journal of Research and Development},
   number={3},
   volume=3,
   year=1959,
   pages={210-229}
}

@BOOK {mohri,
  author = { Mehryar Mohri and Afshin Rostamizadeh and Ameet Talwalkar },
  title =  { Foundations of Machine Learning },
  year =   { 2018 }, 
  edition={2},
  publisher={The MIT Press},
  address = {Cambridge, Massachusetts}
}

@BOOK {rogers,
  author = { Simon Rogers and Mark Girolami },
  title =  { A First Course in Machine Learning },
  year =   { 2017 }, 
  edition={2},
  publisher={CRC Press},
  address = {Boca Raton}
}

@BOOK {adin,
  author={Ethem Alpaydın},
  year=2010,
  title={Introduction to Machine Learning},
  edition={2},
  publisher={The MIT Press},
  address = {Cambridge, Massachusetts}
}

@BOOK {kriesel,
  author = { David Kriesel }, 
  title =  { A Brief Introduction to Neural Networks },
  year =   { 2007 }, 
  url =   { \url{http://www.dkriesel.com} }
}

@BOOK {dgrau,
  author = { Daniel Graupe }, 
  title =  { Principles of Artificial Neural Networks },
  year =   { 2013 }, 
  edition={3},
  publisher={World Scientific Publishing Co. Pte. Ltd},
  address = {Singapore},
  doi = {10.1142/8868}
}

@ARTICLE{deng,
    author={ Yue Deng and Zhiquan Ren and Youyong Kong and Feng Bao and Qionghai Dai },
   title={A Hierarchical Fused Fuzzy Deep Neural Network for Data Classification},
   journal={IEEE Transactions on Fuzzy Systems},
   number={4},
   volume=25,
   year=2017,
   pages={1006-1012},
   doi = {10.1109/TFUZZ.2016.2574915}
}

@ARTICLE{ou,
    author={ Guobin Ou and Yi Lu Murphey },
   title={ Multi-class pattern classification using neural networks },
   journal={ Pattern Recognition },
   number={1},
   volume=40,
   year=2007,
   pages={4-18},
   publisher={Elsevier},
   doi = {10.1016/j.patcog.2006.04.041}
}

@ARTICLE{krai,
    author = {Pawalai Kraipeerapun  and Chun Che Fung and Kok Wai Wong},
    year = {2006},
    month = {11},
    pages = {123-128},
    title = {Multiclass classification using neural networks and interval neutrosophic sets},
    volume = {1},
    journal = {International Conference on Computational Intelligence, Man-Machine Systems and Cybernetics - Proceedings}
}

@INPROCEEDINGS{ghongade,
    author={ Rajesh Ghongade and Dr. Ashok Ghatol },
    booktitle={2007 International Conference on Intelligent and Advanced Systems},
    title={A multi-class heartbeat classifier employing hybrid fuzzy -neural network},
    year={2007},
    pages={18-21},
    doi={10.1109/ICIAS.2007.4658340},
    month={11}
}

@ARTICLE{rangkuti,
    author={ Abdul Haris Rangkuti and Ayuliana Ayuliana and Muhammad Fahri},
   title={ Improving Image Classification using Fuzzy Neural Network and Backtracking Algorithm },
   journal={ Journal of Tellecommunication, Electronic, and Computer Engineering },
   number={2-3},
   volume=10,
   year=2018,
   pages={123-128}
}

@ARTICLE{schmid,
    author={ Jürgen Schmidhuber },
   title={Deep learning in neural networks: An overview},
   journal={Neural Networks},
   number={},
   volume=61,
   year=2015,
   pages={85-117},
   doi = {10.1016/j.neunet.2014.09.003}
}

@ARTICLE{zadeh,
    author={ Lotfi A. Zadeh },
   title={Fuzzy sets},
   journal={Information and Control},
   number={3},
   volume=8,
   year=1965,
   pages={338-353},
   doi = {10.1016/S0019-9958(65)90241-X}
}

@BOOK {fuller,
  author = { Robert Full$\mathrm{\Acute{e}}$r }, 
  title =  { Introduction to Neuro-Fuzzy Systems },
  year =   { 2000 }, 
  edition={1},
  publisher={Physica-Verlag},
  address = {Heidelberg},
  doi = {10.1007/978-3-7908-1852-9}
}

@INCOLLECTION {nedjah,
  author = { Nadia Nedjah and Luiza de Macedo Mourelle }, 
  title = { Introducing You to Fuzziness },
  editor = { Nadia Nedjah and Luiza de Macedo Mourelle },
  booktitle =  { Fuzzy Systems Engineering },
  series = { Studies in Fuzziness and Soft Computing },
  volume = 181,
  publisher = {Springer},
  address = {Berlin, Heidelberg},
  year=2005, 
  edition = {1},
  pages={1-21},
  doi = {10.1007/b102051}
}

@ARTICLE{zadeh73,
    author={ Lotfi A. Zadeh },
   title={Outline of a New Approach to the Analysis of Complex Systems and Decision Processes},
   journal={  IEEE Transactions on Systems, Man, and Cybernetics },
   number={1},
   volume=3,
   year=1973,
   pages={28 - 44},
   doi = {10.1109/TSMC.1973.5408575}
}

@ARTICLE{TakagiSugeno,
    author={  Tomohiro Takagi and Michio Sugeno  },
   title={ Fuzzy identification of systems and its applications to modeling and control },
   journal={  IEEE Transactions on Systems, Man, and Cybernetics },
   number={1},
   volume=15,
   year=1985,
   pages={116 - 132},
   doi = {10.1109/TSMC.1985.6313399}
}

@ARTICLE{SugenoKang,
    author={  Michio Sugeno and G T Kang  },
   title={ Structure identification of fuzzy model },
   journal={  Fuzzy Sets and Systems },
   number={1},
   volume=28,
   year=1988,
   pages={15 - 33},
   doi = {10.1016/0165-0114(88)90113-3}
}

@BOOK {mendel,
  author={ Jerry M. Mendel},
  year=2017,
  title={ Uncertain Rule-based Fuzzy Systems },
  edition={2},
  publisher={Springer},
  address = {Cham},
  doi = {10.1007/978-3-319-51370-6}
}

@ARTICLE{yeh,
author = {Chi-Yuan Yeh and W.-H.R. Jeng and Shie-Jue Lee},
year = {2012},
month = {01},
pages = {2296 - 2309},
title = {Data-Based System Modeling Using a Type-2 Fuzzy Neural Network With a Hybrid Learning Algorithm},
volume = {22},
number = {12},
journal = {IEEE Transactions on Neural Networks},
doi = {10.1109/TNN.2011.2170095}
}

@ARTICLE{lee,
author = {Shie-Jue Lee and Chen-Sen Ouyang},
year = {2003},
month = {07},
pages = {341 - 353},
title = {A neuro-fuzzy system modeling with self-constructing rule generation and hybrid SVD-based learning},
volume = {11},
number = {3},
journal = {IEEE Transactions on Fuzzy Systems},
doi = {10.1109/TFUZZ.2003.812693}
}

@BOOK {rencher,
  author={ Alvin C. Rencher },
  year=2002,
  title={ Methods of Multivariate Analysis },
  edition={2},
  publisher={ John Wiley \& Sons },
  address = {New York},
  doi = {10.1002/0471271357}
}

@BOOK {golub,
  author={ Gene H. Golub and Charles F. Van Loan },
  year=2013,
  title={ Matrix Computations },
  edition={4},
  publisher={ Johns Hopkins University Press },
  address = { Baltimore, Maryland }
}

@ARTICLE{kotsiantis,
    author={ Sotiris B. Kotsiantis and Dimitris Kanellopoulos and Panayiotis E. Pintelas}, 
    title={Data Preprocessing for Supervised Leaning},
    volume={1},
    number = {12},
    doi={10.1017/S026988891800036X},
    journal={International Journal of Computer and Information Engineering}, 
    year = {2006},
    month = {01},
    pages = {111-117}
}

@ARTICLE{alexandropoulos,
    author={ Stamatios-Aggelos N. Alexandropoulos and Sotiris B. Kotsiantis and Michael N. Vrahatis}, 
    title={Data preprocessing in predictive data mining},
    volume={34},
    doi={10.1017/S026988891800036X},
    journal={The Knowledge Engineering Review}, 
    publisher={Cambridge University Press}, 
    year={2019}, 
    pages={1-33}
}

@ARTICLE{kedarpotdar,
author = {Kedar Potdar and Taher Pardawala and Chinmay Pai},
year = {2017},
month = {10},
pages = {7-9},
title = {A Comparative Study of Categorical Variable Encoding Techniques for Neural Network Classifiers},
volume = {175},
journal = {International Journal of Computer Applications},
doi = {10.5120/ijca2017915495}
}

@ARTICLE{liu,
author = {Han Liu and Mihaela Cocea},
year = {2017},
month = {12},
pages = {357-386},
title = {Semi-random partitioning of data into training and test sets in granular computing context},
volume = {2},
number = {4},
journal = {Granular Computing},
doi = {10.1007/s41066-017-0049-2},
publisher = {Springer}
}

@MISC{Dua:2019 ,
    author = "Dheeru Dua and Casey Graff",
    year = "2019",
    title = "{UCI} Machine Learning Repository",
    url = "\url{http://archive.ics.uci.edu/ml}",
    institution = "University of California, Irvine, School of Information and Computer Sciences"
} 

@INBOOK {4,
  author={D. L. Burkholder},
  title={{V}ector-valued {L}aplace transforms and {C}auchy problems},
  booktitle={Monographs in {M}athematics},
  volume=96,
  address={Basel},
  publisher={Birkh{\"a}user},
  year=2001,
  pages={xi, 523}
}